
@misc{ref1,
author={Dovecot},
title={Dovecot manual}
}

@misc{ref2,
title={Install and configure Postfix and Dovecot},
month={jan},
year={2019},
note={www.linuxize.com}

}
@misc{ref3,
author={Thedownloader},
title={Un serveur d'hébergement multiutilisateur sous Linux},
month={oct},
year={2017}
}
@misc{ref4,
author={Nebra, Mathieu },
title={Reprenez le contrôle à l'aide de Linux !},
month={jun},
year={2019}
}
@misc{ref5,
author={ Nebra, Mathieu},
title={Concevez votre site web avec PHP et MySQL},
month={may },
year={2019}
}
@misc{ref6,
author={Gillier, Enguerran },
title={Sécurisez vos données avec la cryptographie},
month={aug},
year={2019}
}

@misc{ref7,
author={ Latitte, Eric},
title={Apprenez le fonctionnement des réseaux TCP/IP},
month={apr},
year={2019}
}

@misc{ref8,
author={Latitte, Eric},
title={Maîtrisez vos applications et réseaux TCP/IP},
month={jun},
year={2019}
}

@misc{ref9,
author={Maguis, Noël-Arnaud},
title={Rédigez des documents de qualité avec LaTeX},
month={jun},
year={2019}
}

@misc{ref10,
author={ Motta, Lélio},
title={Simulez des architectures réseaux avec GNS3},
month={jun},
year={2019}
}

@misc{ref11,
author={ Martin, Michel},
title={Simplifiez vos développements JavaScript avec jQuery},
month={nov},
year={2017}
}

@misc{ref12,
author={Chavelli, Maurice},
title={Prenez en main Bootstrap},
month={sep},
year={2019}
}

@misc{ref13,
author={Karnaj AND TorxicScorpuis},
title={Introduction à Latex},
month={jan},
year={2020}
}

@misc{ref14,
author={Gribaumont, Chantal},
title={Administrez vos bases de données avec MySQL},
month={sep},
year={2019}
}

@misc{ref15,
author={Lavanant, Etienne},
title={Montez un serveur de fichiers sous Linux},
month={nov},
year={2019}
}
@misc{ref16,
author={Lavanant, Etienne},
title={Gérez votre serveur Linux et ses services},
month={nov},
year={2018}
}

